@article{knaus1981apache,
  title={APACHE-acute physiology and chronic health evaluation: a physiologically based classification system.},
  author={Knaus, W.A. and Zimmerman, J.E. and Wagner, D.P. and Draper, E.A. and Lawrence, D.E. and others},
  journal={Critical care medicine},
  volume={9},
  number={8},
  pages={591},
  year={1981}
}


@misc{website:challenge,
author = "PhysioNet",
title = "The PhysioNet/Computing in Cardiology Challenge 2012.",
month = "May",
year = 2012,
howpublished = "\url{http://www.physionet.org/challenge/2012/}"
}


@inproceedings{hug2009icu,
  title={ICU acuity: Real-time models versus daily models},
  author={Hug, C.W. and Szolovits, P.},
  booktitle={AMIA Annual Symposium Proceedings},
  volume={2009},
  pages={260},
  year={2009},
  organization={American Medical Informatics Association}
}



@book{jobson2005applied,
  title={Applied multivariate data analysis: regression and experimental design},
  author={Jobson, J.D.},
  volume={1},
  year={2005},
  publisher={Springer}
}
